@article{Nekrutenko2012,
abstract = {Nature Reviews Genetics 13, 667 (2012). doi:10.1038/nrg3305},
author = {Nekrutenko, Anton and Taylor, James},
journal = {Nature Reviews Genetics},
month = {sep},
number = {9},
pages = {667--672},
publisher = {Nature Publishing Group},
title = {{Next-generation sequencing data interpretation: enhancing reproducibility and accessibility}},
url = {http://dx.doi.org/10.1038/nrg3305},
doi = {10.1038/nrg3305},
volume = {13},
year = {2012}
}